@misc{rolnick.2019,
      title={Tackling Climate Change with Machine Learning}, 
      author={David Rolnick and Priya L. Donti and Lynn H. Kaack and Kelly Kochanski and Alexandre Lacoste and Kris Sankaran and Andrew Slavin Ross and Nikola Milojevic-Dupont and Natasha Jaques and Anna Waldman-Brown and Alexandra Luccioni and Tegan Maharaj and Evan D. Sherwin and S. Karthik Mukkavilli and Konrad P. Kording and Carla Gomes and Andrew Y. Ng and Demis Hassabis and John C. Platt and Felix Creutzig and Jennifer Chayes and Yoshua Bengio},
      year={2019},
      eprint={1906.05433},
      archivePrefix={arXiv},
      primaryClass={cs.CY}
}

@article{dhariwal2021diffusion,
      title={Diffusion models beat gans on image synthesis},
      author={Dhariwal, Prafulla and Nichol, Alexander},
      journal={Advances in neural information processing systems},
      volume={34},
      pages={8780--8794},
      year={2021}
}

@inproceedings{rombach2022high,
      title={High-resolution image synthesis with latent diffusion models},
      author={Rombach, Robin and Blattmann, Andreas and Lorenz, Dominik and Esser, Patrick and Ommer, Bj{\"o}rn},
      booktitle={Proceedings of the IEEE/CVF conference on computer vision and pattern recognition},
      pages={10684--10695},
      year={2022}
}

@article{ramesh2022hierarchical,
      title={Hierarchical text-conditional image generation with clip latents},
      author={Ramesh, Aditya and Dhariwal, Prafulla and Nichol, Alex and Chu, Casey and Chen, Mark},
      journal={arXiv preprint arXiv:2204.06125},
      volume={1},
      number={2},
      pages={3},
      year={2022}
}

@article{saharia2022photorealistic,
      title={Photorealistic text-to-image diffusion models with deep language understanding},
      author={Saharia, Chitwan and Chan, William and Saxena, Saurabh and Li, Lala and Whang, Jay and Denton, Emily L and Ghasemipour, Kamyar and Gontijo Lopes, Raphael and Karagol Ayan, Burcu and Salimans, Tim and others},
      journal={Advances in neural information processing systems},
      volume={35},
      pages={36479--36494},
      year={2022}
}

@article{ho2020denoising,
      title={Denoising diffusion probabilistic models},
      author={Ho, Jonathan and Jain, Ajay and Abbeel, Pieter},
      journal={Advances in neural information processing systems},
      volume={33},
      pages={6840--6851},
      year={2020}
}

@inproceedings{sohl2015deep,
      title={Deep unsupervised learning using nonequilibrium thermodynamics},
      author={Sohl-Dickstein, Jascha and Weiss, Eric and Maheswaranathan, Niru and Ganguli, Surya},
      booktitle={International conference on machine learning},
      pages={2256--2265},
      year={2015},
      organization={PMLR}
}

@article{han2022card,
      title={Card: Classification and regression diffusion models},
      author={Han, Xizewen and Zheng, Huangjie and Zhou, Mingyuan},
      journal={Advances in Neural Information Processing Systems},
      volume={35},
      pages={18100--18115},
      year={2022}
}

@article{kendall2017uncertainties,
      title={What uncertainties do we need in bayesian deep learning for computer vision?},
      author={Kendall, Alex and Gal, Yarin},
      journal={Advances in neural information processing systems},
      volume={30},
      year={2017}
}

@article{hossain2020short,
  title={Short-term photovoltaic power forecasting using an LSTM neural network and synthetic weather forecast},
  author={Hossain, Mohammad Safayet and Mahmood, Hisham},
  journal={Ieee Access},
  volume={8},
  pages={172524--172533},
  year={2020},
  publisher={IEEE}
}

@article{lim2022solar,
  title={Solar power forecasting using CNN-LSTM hybrid model},
  author={Lim, Su-Chang and Huh, Jun-Ho and Hong, Seok-Hoon and Park, Chul-Young and Kim, Jong-Chan},
  journal={Energies},
  volume={15},
  number={21},
  pages={8233},
  year={2022},
  publisher={MDPI}
}

@INPROCEEDINGS{9209858,
  author={Bellinguer, Kevin and Girard, Robin and Bontron, Guillaume and Kariniotakis, Georges},
  booktitle={2020 55th International Universities Power Engineering Conference (UPEC)}, 
  title={Short-term Forecasting of Photovoltaic Generation based on Conditioned Learning of Geopotential Fields}, 
  year={2020},
  volume={},
  number={},
  pages={1-6},
  keywords={Production;Forecasting;Predictive models;Satellites;Wind forecasting;Short-term solar power forecasting;analog approach;conditional forecast;spatio-temporal;auto-regressive processes;smart grid},
  doi={10.1109/UPEC49904.2020.9209858}}

@article{tawn2022review,
  title={A review of very short-term wind and solar power forecasting},
  author={Tawn, Rosemary and Browell, Jethro},
  journal={Renewable and Sustainable Energy Reviews},
  volume={153},
  pages={111758},
  year={2022},
  publisher={Elsevier}
}

@article{hatanaka2023diffusion,
  title={Diffusion models for high-resolution solar forecasts},
  author={Hatanaka, Yusuke and Glaser, Yannik and Galgon, Geoff and Torri, Giuseppe and Sadowski, Peter},
  journal={arXiv preprint arXiv:2302.00170},
  year={2023}
}